<?xml version="1.0" encoding="UTF-8" ?><marc:collection xmlns:marc="http://www.loc.gov/MARC21/slim" xmlns:xsi="http://www.w3.org/2001/XMLSchema-instance" xsi:schemaLocation="http://www.loc.gov/MARC21/slim http://www.loc.gov/standards/marcxml/schema/MARC21slim.xsd">
<marc:record><marc:leader>02679cam a2200385Ii 4500</marc:leader>
<marc:controlfield tag="001">b13276384</marc:controlfield>
<marc:controlfield tag="003">UaCaAUL</marc:controlfield><marc:controlfield tag="005">20170223092502.0</marc:controlfield><marc:controlfield tag="008">050118s1953    ua            000 0 ara d</marc:controlfield><marc:datafield tag="035" ind1=" " ind2=" "><marc:subfield code="a">(OCoLC)60650002</marc:subfield></marc:datafield><marc:datafield tag="040" ind1=" " ind2=" "><marc:subfield code="a">MEAUC</marc:subfield><marc:subfield code="b">eng</marc:subfield><marc:subfield code="e">rda</marc:subfield><marc:subfield code="c">MEAUC</marc:subfield><marc:subfield code="d">OCLCQ</marc:subfield><marc:subfield code="d">OCLCO</marc:subfield><marc:subfield code="d">OCLCA</marc:subfield><marc:subfield code="d">UIU</marc:subfield><marc:subfield code="d">OCLCF</marc:subfield><marc:subfield code="d">MEAUC</marc:subfield></marc:datafield><marc:datafield tag="049" ind1=" " ind2=" "><marc:subfield code="a">MAIN</marc:subfield></marc:datafield><marc:datafield tag="066" ind1=" " ind2=" "><marc:subfield code="c">(3</marc:subfield></marc:datafield><marc:datafield tag="090" ind1=" " ind2=" "><marc:subfield code="a">BP130.4</marc:subfield><marc:subfield code="b">.Q8x 1953</marc:subfield></marc:datafield><marc:datafield tag="090" ind1=" " ind2=" "><marc:subfield code="a">BP130.4</marc:subfield><marc:subfield code="b">.M35 1953</marc:subfield></marc:datafield><marc:datafield tag="130" ind1="0" ind2=" "><marc:subfield code="a">Qurʼan.</marc:subfield></marc:datafield><marc:datafield tag="245" ind1="1" ind2="3"><marc:subfield code="6">880-01</marc:subfield><marc:subfield code="a">al-Qurʼān al-karīm :</marc:subfield><marc:subfield code="b">bi-khaṭṭ al-sayyid Muṣṭafá Naẓīf al-shahīr bi-Qadarghah-lī munaqqaḥan ʻalá al-rasm al-ʻUthmānī. Wa-bi-hāmishih Tafsīr al-Imāmayn al-jalīlayn al-ʻallāmah Jalāl al-Dīn Muḥammad ibn Aḥmad al-Maḥallī, wa-al-shaykh Jalāl al-Dīn ʻAbd al-Raḥmān ibn Abī Bakr al-Suyūṭī nafaʻanā Allāh bi-ʻulūmihimā āmīn.</marc:subfield></marc:datafield><marc:datafield tag="264" ind1=" " ind2="1"><marc:subfield code="6">880-02</marc:subfield><marc:subfield code="a">[Cairo] :</marc:subfield><marc:subfield code="b">yuṭlab min Dār al-Maktabah al-ʻArabīyah wa-Maṭbaʻatuhā,</marc:subfield><marc:subfield code="c">1953.</marc:subfield></marc:datafield><marc:datafield tag="300" ind1=" " ind2=" "><marc:subfield code="a">522 pages ;</marc:subfield><marc:subfield code="c">24 cm.</marc:subfield></marc:datafield><marc:datafield tag="336" ind1=" " ind2=" "><marc:subfield code="a">text</marc:subfield><marc:subfield code="b">txt</marc:subfield><marc:subfield code="2">rdacontent.</marc:subfield></marc:datafield><marc:datafield tag="337" ind1=" " ind2=" "><marc:subfield code="a">unmediated</marc:subfield><marc:subfield code="b">n</marc:subfield><marc:subfield code="2">rdamedia.</marc:subfield></marc:datafield><marc:datafield tag="338" ind1=" " ind2=" "><marc:subfield code="a">volume</marc:subfield><marc:subfield code="b">nc</marc:subfield><marc:subfield code="2">rdacarrier.</marc:subfield></marc:datafield><marc:datafield tag="500" ind1=" " ind2=" "><marc:subfield code="6">880-03</marc:subfield><marc:subfield code="a">&quot;Ṭubiʻa bi-taṣrīḥ min Wizārat al-Dākhilīyah wa-idhn min al-Shaykh ʻAlī Muḥammad al-Ḍabbāʻ murājiʻ al-maṣāḥif wa-shaykh al-maqāriʼ al-Miṣrīyah&quot; -- title page.</marc:subfield></marc:datafield><marc:datafield tag="630" ind1="0" ind2="0"><marc:subfield code="a">Qurʼan</marc:subfield><marc:subfield code="v">Commentaries.</marc:subfield></marc:datafield><marc:datafield tag="700" ind1="1" ind2="2"><marc:subfield code="6">880-04</marc:subfield><marc:subfield code="a">Maḥallī, Jalāl al-Dīn Muḥammad ibn Aḥmad,</marc:subfield><marc:subfield code="d">1389-1459.</marc:subfield><marc:subfield code="t">Tafsīr al-Jalālayn.</marc:subfield></marc:datafield><marc:datafield tag="700" ind1="0" ind2="2"><marc:subfield code="6">880-05</marc:subfield><marc:subfield code="a">Suyūṭī,</marc:subfield><marc:subfield code="d">1445-1505.</marc:subfield><marc:subfield code="t">Tafsīr al-Jalālayn.</marc:subfield></marc:datafield><marc:datafield tag="880" ind1=" " ind2="1"><marc:subfield code="6">264-02/(3/r</marc:subfield><marc:subfield code="a">[Cairo] :</marc:subfield><marc:subfield code="b">يطلب من دار المكتبة العربية ومطبعتها،‪</marc:subfield><marc:subfield code="c">1953.</marc:subfield></marc:datafield><marc:datafield tag="880" ind1="1" ind2="2"><marc:subfield code="6">245-01/(3/r</marc:subfield><marc:subfield code="a">القرآن الكريم :‪</marc:subfield><marc:subfield code="b">بخط السيد مصطفى نظيف الشهير بقدرغه لي منقحا على الرسم العثماني. وبهامشه تفسير الإمامين الجليلين العلامة جلال الدين محمد بن أحمد المحلي، والشيخ جلال الدين عبد الرحمن بن أبي بكر السيوطي نفعنا الله بعلومهما آمين..</marc:subfield></marc:datafield><marc:datafield tag="880" ind1=" " ind2=" "><marc:subfield code="6">500-03/(3/r</marc:subfield><marc:subfield code="a">&quot;طبع بتصريح من وزارة الداخلية وإذن من الشيخ علي محمد الضباع مراجع المصاحف وشيخ المقارئ المصرية&quot; -- title page.</marc:subfield></marc:datafield><marc:datafield tag="880" ind1="1" ind2="2"><marc:subfield code="6">700-04/(3/r</marc:subfield><marc:subfield code="a">محلي، جلال الدين محمد بن أحمد،‪</marc:subfield><marc:subfield code="d">1389-1459.</marc:subfield><marc:subfield code="t">تفسير الجلالين..</marc:subfield></marc:datafield><marc:datafield tag="880" ind1="0" ind2="2"><marc:subfield code="6">700-05/(3/r</marc:subfield><marc:subfield code="a">سيوطي،‪</marc:subfield><marc:subfield code="d">1445-1505.</marc:subfield><marc:subfield code="t">تفسير الجلالين..</marc:subfield></marc:datafield><marc:datafield tag="907" ind1=" " ind2=" "><marc:subfield code="a">.b13276384</marc:subfield><marc:subfield code="b">main </marc:subfield></marc:datafield><marc:datafield tag="902" ind1=" " ind2=" "><marc:subfield code="a">170829</marc:subfield></marc:datafield><marc:datafield tag="998" ind1=" " ind2=" "><marc:subfield code="b">1</marc:subfield><marc:subfield code="c">050519</marc:subfield><marc:subfield code="d">m</marc:subfield><marc:subfield code="e">a</marc:subfield><marc:subfield code="f">-</marc:subfield><marc:subfield code="g">3</marc:subfield><marc:subfield code="k">MAH</marc:subfield></marc:datafield><marc:datafield tag="945" ind1=" " ind2=" "><marc:subfield code="l">main </marc:subfield></marc:datafield></marc:record>
</marc:collection>
